@ARTICLE{2014PNAS..11112601B,
   author = {{Burrows}, A.~S.},
    title = "{Spectra as windows into exoplanet atmospheres}",
  journal = {Proceedings of the National Academy of Science},
archivePrefix = "arXiv",
   eprint = {1312.2009},
 primaryClass = "astro-ph.EP",
     year = 2014,
    month = sep,
   volume = 111,
    pages = {12601-12609},
      doi = {10.1073/pnas.1304208111},
   adsurl = {http://adsabs.harvard.edu/abs/2014PNAS..11112601B},
  adsnote = {Provided by the SAO/NASA Astrophysics Data System}
}

@ARTICLE{2013ApJ...775...80F,
   author = {{Fortney}, J.~J. and {Mordasini}, C. and {Nettelmann}, N. and 
	{Kempton}, E.~M.-R. and {Greene}, T.~P. and {Zahnle}, K.},
    title = "{A Framework for Characterizing the Atmospheres of Low-mass Low-density Transiting Planets}",
  journal = {\apj},
archivePrefix = "arXiv",
   eprint = {1306.4329},
 primaryClass = "astro-ph.EP",
 keywords = {planets and satellites: atmospheres, planets and satellites: composition, planets and satellites: formation },
     year = 2013,
    month = sep,
   volume = 775,
      eid = {80},
    pages = {80},
      doi = {10.1088/0004-637X/775/1/80},
   adsurl = {http://adsabs.harvard.edu/abs/2013ApJ...775...80F},
  adsnote = {Provided by the SAO/NASA Astrophysics Data System}
}

@INPROCEEDINGS{2012SPIE.8442E..39H,
   author = {{Hora}, J.~L. and {Marengo}, M. and {Park}, R. and {Wood}, D. and 
	{Hoffmann}, W.~F. and {Lowrance}, P.~J. and {Carey}, S.~J. and 
	{Surace}, J.~A. and {Krick}, J.~E. and {Glaccum}, W.~J. and 
	{Ingalls}, J.~G. and {Laine}, S. and {Fazio}, G.~G. and {Ashby}, M.~L.~N. and 
	{Wang}, Z.},
    title = "{The IRAC point response function in the warm Spitzer mission}",
booktitle = {Society of Photo-Optical Instrumentation Engineers (SPIE) Conference Series},
     year = 2012,
   series = {Society of Photo-Optical Instrumentation Engineers (SPIE) Conference Series},
   volume = 8442,
    month = sep,
      eid = {844239},
    pages = {39},
      doi = {10.1117/12.926894},
   adsurl = {http://adsabs.harvard.edu/abs/2012SPIE.8442E..39H},
  adsnote = {Provided by the SAO/NASA Astrophysics Data System}
}

@INPROCEEDINGS{2012SPIE.8442E..2NB,
   author = {{Beichman}, C.~A. and {Rieke}, M. and {Eisenstein}, D. and {Greene}, T.~P. and 
	{Krist}, J. and {McCarthy}, D. and {Meyer}, M. and {Stansberry}, J.
	},
    title = "{Science opportunities with the near-IR camera (NIRCam) on the James Webb Space Telescope (JWST)}",
booktitle = {Society of Photo-Optical Instrumentation Engineers (SPIE) Conference Series},
     year = 2012,
   series = {Society of Photo-Optical Instrumentation Engineers (SPIE) Conference Series},
   volume = 8442,
    month = sep,
      eid = {84422N},
    pages = {2},
      doi = {10.1117/12.925447},
   adsurl = {http://adsabs.harvard.edu/abs/2012SPIE.8442E..2NB},
  adsnote = {Provided by the SAO/NASA Astrophysics Data System}
}

@ARTICLE{2010ApJ...710.1551O,
   author = {{O'Donovan}, F.~T. and {Charbonneau}, D. and {Harrington}, J. and 
	{Madhusudhan}, N. and {Seager}, S. and {Deming}, D. and {Knutson}, H.~A.
	},
    title = "{Detection of Planetary Emission from the Exoplanet Tres-2 Using Spitzer/IRAC}",
  journal = {\apj},
archivePrefix = "arXiv",
   eprint = {0909.3073},
 primaryClass = "astro-ph.EP",
 keywords = {eclipses, infrared: stars, planetary systems, stars: individual: GSC 03549-02811, techniques: photometric},
     year = 2010,
    month = feb,
   volume = 710,
    pages = {1551-1556},
      doi = {10.1088/0004-637X/710/2/1551},
   adsurl = {http://adsabs.harvard.edu/abs/2010ApJ...710.1551O},
  adsnote = {Provided by the SAO/NASA Astrophysics Data System}
}

@INPROCEEDINGS{2007SPIE.6693E..0HK,
   author = {{Krist}, J.~E. and {Beichman}, C.~A. and {Trauger}, J.~T. and 
	{Rieke}, M.~J. and {Somerstein}, S. and {Green}, J.~J. and {Horner}, S.~D. and 
	{Stansberry}, J.~A. and {Shi}, F. and {Meyer}, M.~R. and {Stapelfeldt}, K.~R. and 
	{Roellig}, T.~L.},
    title = "{Hunting planets and observing disks with the JWST NIRCam coronagraph}",
booktitle = {Society of Photo-Optical Instrumentation Engineers (SPIE) Conference Series},
     year = 2007,
   series = {Society of Photo-Optical Instrumentation Engineers (SPIE) Conference Series},
   volume = 6693,
    month = sep,
      eid = {66930H},
    pages = {0},
      doi = {10.1117/12.734873},
   adsurl = {http://adsabs.harvard.edu/abs/2007SPIE.6693E..0HK},
  adsnote = {Provided by the SAO/NASA Astrophysics Data System}
}

@ARTICLE{2007Natur.447..183K,
   author = {{Knutson}, H.~A. and {Charbonneau}, D. and {Allen}, L.~E. and 
	{Fortney}, J.~J. and {Agol}, E. and {Cowan}, N.~B. and {Showman}, A.~P. and 
	{Cooper}, C.~S. and {Megeath}, S.~T.},
    title = "{A map of the day-night contrast of the extrasolar planet HD 189733b}",
  journal = {\nat},
archivePrefix = "arXiv",
   eprint = {0705.0993},
     year = 2007,
    month = may,
   volume = 447,
    pages = {183-186},
      doi = {10.1038/nature05782},
   adsurl = {http://adsabs.harvard.edu/abs/2007Natur.447..183K},
  adsnote = {Provided by the SAO/NASA Astrophysics Data System}
}

@INPROCEEDINGS{2005SPIE.5905..185G,
   author = {{Green}, J.~J. and {Beichman}, C. and {Basinger}, S.~A. and 
	{Horner}, S. and {Meyer}, M. and {Redding}, D.~C. and {Rieke}, M. and 
	{Trauger}, J.~T.},
    title = "{High contrast imaging with the JWST NIRCAM coronagraph}",
booktitle = {Techniques and Instrumentation for Detection of Exoplanets II},
     year = 2005,
   series = {Society of Photo-Optical Instrumentation Engineers (SPIE) Conference Series},
   volume = 5905,
   editor = {{Coulter}, D.~R.},
    month = aug,
    pages = {185-195},
      doi = {10.1117/12.619343},
   adsurl = {http://adsabs.harvard.edu/abs/2005SPIE.5905..185G},
  adsnote = {Provided by the SAO/NASA Astrophysics Data System}
}

@INPROCEEDINGS{2005SPIE.5904...30H,
   author = {{Huff}, L.~W.},
    title = "{NIRCam instrument optics}",
booktitle = {Cryogenic Optical Systems and Instruments XI},
     year = 2005,
   series = {Society of Photo-Optical Instrumentation Engineers (SPIE) Conference Series},
   volume = 5904,
   editor = {{Heaney}, J.~B. and {Burriesci}, L.~G.},
    month = aug,
    pages = {30-37},
      doi = {10.1117/12.619909},
   adsurl = {http://adsabs.harvard.edu/abs/2005SPIE.5904...30H},
  adsnote = {Provided by the SAO/NASA Astrophysics Data System}
}

@INPROCEEDINGS{2005SPIE.5904...21B,
   author = {{Burriesci}, L.~G.},
    title = "{NIRCam instrument overview}",
booktitle = {Cryogenic Optical Systems and Instruments XI},
     year = 2005,
   series = {Society of Photo-Optical Instrumentation Engineers (SPIE) Conference Series},
   volume = 5904,
   editor = {{Heaney}, J.~B. and {Burriesci}, L.~G.},
    month = aug,
    pages = {21-29},
      doi = {10.1117/12.613596},
   adsurl = {http://adsabs.harvard.edu/abs/2005SPIE.5904...21B},
  adsnote = {Provided by the SAO/NASA Astrophysics Data System}
}

@ARTICLE{2005ApJ...626..523C,
   author = {{Charbonneau}, D. and {Allen}, L.~E. and {Megeath}, S.~T. and 
	{Torres}, G. and {Alonso}, R. and {Brown}, T.~M. and {Gilliland}, R.~L. and 
	{Latham}, D.~W. and {Mandushev}, G. and {O'Donovan}, F.~T. and 
	{Sozzetti}, A.},
    title = "{Detection of Thermal Emission from an Extrasolar Planet}",
  journal = {\apj},
   eprint = {astro-ph/0503457},
 keywords = {Stars: Binaries: Eclipsing, Infrared: Stars, Stars: Planetary Systems, Stars: Individual: Alphanumeric: TrES-1, Techniques: Photometric},
     year = 2005,
    month = jun,
   volume = 626,
    pages = {523-529},
      doi = {10.1086/429991},
   adsurl = {http://adsabs.harvard.edu/abs/2005ApJ...626..523C},
  adsnote = {Provided by the SAO/NASA Astrophysics Data System}
}

@ARTICLE{2004ApJS..154...10F,
   author = {{Fazio}, G.~G. and {Hora}, J.~L. and {Allen}, L.~E. and {Ashby}, M.~L.~N. and 
	{Barmby}, P. and {Deutsch}, L.~K. and {Huang}, J.-S. and {Kleiner}, S. and 
	{Marengo}, M. and {Megeath}, S.~T. and {Melnick}, G.~J. and 
	{Pahre}, M.~A. and {Patten}, B.~M. and {Polizotti}, J. and {Smith}, H.~A. and 
	{Taylor}, R.~S. and {Wang}, Z. and {Willner}, S.~P. and {Hoffmann}, W.~F. and 
	{Pipher}, J.~L. and {Forrest}, W.~J. and {McMurty}, C.~W. and 
	{McCreight}, C.~R. and {McKelvey}, M.~E. and {McMurray}, R.~E. and 
	{Koch}, D.~G. and {Moseley}, S.~H. and {Arendt}, R.~G. and {Mentzell}, J.~E. and 
	{Marx}, C.~T. and {Losch}, P. and {Mayman}, P. and {Eichhorn}, W. and 
	{Krebs}, D. and {Jhabvala}, M. and {Gezari}, D.~Y. and {Fixsen}, D.~J. and 
	{Flores}, J. and {Shakoorzadeh}, K. and {Jungo}, R. and {Hakun}, C. and 
	{Workman}, L. and {Karpati}, G. and {Kichak}, R. and {Whitley}, R. and 
	{Mann}, S. and {Tollestrup}, E.~V. and {Eisenhardt}, P. and 
	{Stern}, D. and {Gorjian}, V. and {Bhattacharya}, B. and {Carey}, S. and 
	{Nelson}, B.~O. and {Glaccum}, W.~J. and {Lacy}, M. and {Lowrance}, P.~J. and 
	{Laine}, S. and {Reach}, W.~T. and {Stauffer}, J.~A. and {Surace}, J.~A. and 
	{Wilson}, G. and {Wright}, E.~L. and {Hoffman}, A. and {Domingo}, G. and 
	{Cohen}, M.},
    title = "{The Infrared Array Camera (IRAC) for the Spitzer Space Telescope}",
  journal = {\apjs},
   eprint = {astro-ph/0405616},
 keywords = {Infrared: General, Instrumentation: Detectors, Space Vehicles: Instruments},
     year = 2004,
    month = sep,
   volume = 154,
    pages = {10-17},
      doi = {10.1086/422843},
   adsurl = {http://adsabs.harvard.edu/abs/2004ApJS..154...10F},
  adsnote = {Provided by the SAO/NASA Astrophysics Data System}
}
